<?xml version="1.0" encoding="UTF-8"?><collection xmlns="http://www.loc.gov/MARC21/slim"><record><leader>00344nam--2200133-i-4500</leader><controlfield tag="001">000003826</controlfield><controlfield tag="002">20161230</controlfield><controlfield tag="005">20161230201025</controlfield><controlfield tag="008">060222s1000------------r-----000-0-eng-d</controlfield><datafield ind1=" " ind2=" " tag="080"><subfield code="a">543</subfield></datafield><datafield ind1=" " ind2=" " tag="100"><subfield code="a">Armeanu, Virgil N</subfield></datafield><datafield ind1=" " ind2=" " tag="245"><subfield code="a">Chimie analitica. note de curs</subfield></datafield><datafield ind1=" " ind2=" " tag="260"><subfield code="a">Bucuresti, Litografia Invatamintului, 1953 - 1954 344 P</subfield></datafield><datafield ind1=" " ind2=" " tag="852"><subfield code="a">26236</subfield></datafield></record></collection>